<collection xmlns="http://www.loc.gov/MARC21/slim">
<record>
  <leader>00502nam0a22001331i 450 </leader>
  <controlfield tag="001">IT\ICCU\CNCE\066500</controlfield>
  <controlfield tag="005">20060919000000.0</controlfield>
  <datafield tag="100" ind1=" " ind2=" ">
    <subfield code="a">20060907d1595        0itac0103    ba</subfield>
  </datafield>
  <datafield tag="101" ind1=" " ind2=" ">
    <subfield code="a">LAT</subfield>
  </datafield>
  <datafield tag="102" ind1=" " ind2=" ">
    <subfield code="a">FR</subfield>
  </datafield>
  <datafield tag="200" ind1="1" ind2=" ">
    <subfield code="a">℗Eguinarii Baronis ... ℗Opera omnia in tres tomos diuisa, quorum pars maxima nunc primum editur: altera, auctior &amp; emendatior ...</subfield>
  </datafield>
  <datafield tag="210" ind1=" " ind2=" ">
    <subfield code="a">Lutetiae Parisiorum</subfield>
    <subfield code="c">apud Robertum Fouet via Iacobaea</subfield>
    <subfield code="d">sub insigni Occasionis</subfield>
    <subfield code="d">1595</subfield>
  </datafield>
  <datafield tag="300" ind1=" " ind2=" ">
    <subfield code="a">ANNULLATA. E&apos; straniera</subfield>
  </datafield>
  <datafield tag="801" ind1=" " ind2="3">
    <subfield code="a">IT</subfield>
    <subfield code="b">ICCU</subfield>
    <subfield code="c">20201115</subfield>
  </datafield>
</record>
</collection>
